@article{einstein1916,
  title={Die Grundlage der allgemeinen Relativit{\"a}tstheorie},
  author={Einstein, Albert},
  journal={Annalen der Physik},
  volume={354},
  number={7},
  pages={769--822},
  year={1916}
}

@book{RincónInterm,
  title={Curso intermedio de probabilidad},
  author={Luis Rincón},
  year={2007},
  publisher={Univesidad Nacional Autónoma de México},
  isbn={9703242693, 9789703242696}
}

@Book{RinconIntro,
  author    = {Rincón, Luis},
  publisher = {Universidad Nacional Autónoma de México},
  title     = {Introducción a la probabilidad},
  isbn      = {9786070263330},
}